@misc{strtoul,
  organization={Microsoft},
  title={strtoul},
  url={https://docs.microsoft.com/en-us/cpp/c-runtime-library/reference/strtoul-strtoul-l-wcstoul-wcstoul-l},
  urldate={2020-03-12}
}

@misc{basic_types_storage,
  organization={Microsoft},
  title={Storage of basic types},
  url={https://docs.microsoft.com/en-us/cpp/c-language/storage-of-basic-types},
  urldate={2020-03-12}
}

@misc{c2057,
  organization={Microsoft},
  title={Compile Error C2057},
  url={https://docs.microsoft.com/en-us/cpp/error-messages/compiler-errors-1/compiler-error-c2057},
  urldate={2020-03-16}
}

@misc{c3016,
  organization={Microsoft},
  title={Compile Error C3016},
  url={https://docs.microsoft.com/en-us/cpp/error-messages/compiler-errors-2/compiler-error-c3016},
  urldate={2020-03-13}
}

@misc{malloc_vs_calloc_so,
  author={Dietrich Epp},
  title={Calloc VS Malloc+Memset},
  url={https://stackoverflow.com/a/2688522/7902371},
  urldate={2020-03-14}
}

@misc{malloc_vs_calloc_blog,
  author={Alexios Voulimeneas},
  title={Why malloc+memset is slower than calloc?},
  url={https://balexios.wordpress.com/2014/08/02/calloc-vs-malloc-memset/},
  urldate={2020-03-14}
}

@misc{why_calloc,
  author={Nathaniel J. Smith},
  title={Why does calloc exist?},
  url={https://vorpus.org/blog/why-does-calloc-exist/},
  urldate={2020-03-14}
}

@misc{capframex,
  author={DevTechProfile},
  title={DevTechProfile/CapFrameX},
  url={https://github.com/DevTechProfile/CapFrameX},
  urldate={2020-03-15}
}

@misc{nested_parallelism_tips,
  organization={Oracle},
  title={Some Tips on Using Nested Parallelism},
  url={https://docs.oracle.com/cd/E19205-01/819-5270/aewbj/index.html},
  urldate={2020-03-16}
}

@misc{thread_oversubscription,
  organization={Intel},
  title={Thread Oversubscription},
  url={https://software.intel.com/en-us/vtune-help-thread-oversubscription},
  urldate={2020-03-16}
}
