@manual{atomic_func,
  organization={NVIDIA},
  title={B.12. Atomic Functions},
  url={https://docs.nvidia.com/cuda/cuda-c-programming-guide/index.html#atomic-functions},
  urldate={2020-05-07},
}

@manual{cuda_best_practices_math_libraries,
  organization={NVIDIA},
  title={11.1.6. Math Libraries},
  url={https://docs.nvidia.com/cuda/cuda-c-best-practices-guide/index.html#math-libraries},
  urldate={2020-04-29}
}

@manual{cuda_best_practices_reciprocal_sqrt,
  organization={NVIDIA},
  title={11.1.3. Reciprocal Square Root},
  url={https://docs.nvidia.com/cuda/cuda-c-best-practices-guide/index.html#reciprocal-square-root},
  urldate={2020-04-29},
}

@manual{cuda_best_practices_thread_heuristics,
  organization={NVIDIA},
  title={10.3. Thread and Block Heuristics},
  url={https://docs.nvidia.com/cuda/cuda-c-best-practices-guide/index.html#thread-and-block-heuristics},
  urldate={2020-04-29},
}

@manual{cuda_blog_pointer_aliasing,
  organization={NVIDIA},
  author={Jeremy Appleyard},
  title={CUDA Pro Tip: Optimize for Pointer Aliasing},
  date={2014-08-07},
  url={https://devblogs.nvidia.com/cuda-pro-tip-optimize-pointer-aliasing},
  urldate={2020-05-09},
}

@online{cuda_occupancy_calculator,
  organization={NVIDIA},
  title={CUDA Occupancy Calculator},
  url={https://docs.nvidia.com/cuda/cuda-occupancy-calculator},
  urldate={2020-04-30}
}

@misc{deviceQuery,
  organization={NVIDIA},
  title={cuda-samples/deviceQuery},
  url={https://github.com/NVIDIA/cuda-samples/tree/master/Samples/deviceQuery},
  urldate={2020-04-28}
}

@manual{func_params,
  organization={NVIDIA},
  title={F.3.9.3. Function Parameters},
  url={https://docs.nvidia.com/cuda/cuda-c-programming-guide/index.html#function-parameters},
  urldate={2020-04-30},
}

@manual{launch_bounds,
  organization={NVIDIA},
  title={B.23. Launch Bounds},
  url={https://docs.nvidia.com/cuda/cuda-c-programming-guide/index.html#launch-bounds},
  urldate={2020-05-06},
}

@manual{math_standard_func,
  organization={NVIDIA},
  title={E.1. Standard Functions},
  url={https://docs.nvidia.com/cuda/cuda-c-programming-guide/index.html#standard-functions},
  urldate={2020-04-29}
}

@manual{restrict,
  organization={NVIDIA},
  title={B.2.5. \_\_restrict\_\_},
  url={https://docs.nvidia.com/cuda/cuda-c-programming-guide/index.html#restrict},
  urldate={2020-05-09}
}

@manual{sync_functions,
  organization={NVIDIA},
  title={B.6. Synchronization Functions},
  url={https://docs.nvidia.com/cuda/cuda-c-programming-guide/index.html#synchronization-functions},
  urldate={2020-04-30}
}

@manual{vector_types,
  organization={NVIDIA},
  title={B.3. Built-in Vector Types},
  url={https://docs.nvidia.com/cuda/cuda-c-programming-guide/index.html#built-in-vector-types},
  urldate={2020-04-29}
}

@article{navarro_2014,
  author={C. A. {Navarro} and N. {Hitschfeld}},
  publisher={IEEE},
  booktitle={2014 IEEE Intl Conf on High Performance Computing and Communications, 2014 IEEE 6th Intl Symp on Cyberspace Safety and Security, 2014 IEEE 11th Intl Conf on Embedded Software and Syst (HPCC,CSS,ICESS)}, 
  title={GPU Maps for the Space of Computation in Triangular Domain Problems}, 
  pages={375-382},
  year={2014},
  month={8},
  location={Paris, France},
  doi={10.1109/HPCC.2014.64},
  isbn={978-1-4799-6123-8},
}

@article{gorawsk_2017,
  author={Marcin Gorawsk and Michal Lorek},
  publisher={Springer},
  journal={International Journal of Parallel Programming}, 
  volume={46},
  title={Efficient Processing of Large Data Structures on GPUs: Enumeration Scheme Based Optimisation}, 
  pages={1063-1093},
  date={2017-07-04},
  doi={10.1007/s10766-017-0515-0},
}
